@article{Bright2018-BRIDBD-3,
    author    = {Liam Kofi Bright},
    doi       = {10.1007/s11229-017-1333-z},
    journal   = {Synthese},
    number    = {5},
    pages     = {2227--2245},
    publisher = {Springer Nature},
    title     = {Du Bois' Democratic Defence of the Value Free Ideal},
    volume    = {195},
    year      = {2018}
}

@article{jeffrey1956valuation,
    author  = {Jeffrey, R. C.},
    year    = {1956},
    title   = {Valuation and Acceptance of Scientific Hypothesis},
    journal = {Philosophy of Science},
    volume  = {23},
    pages   = {237}
}

@article{Hill2019-HILCIB-4,
	author = {Brian Hill},
	doi = {10.1017/s0266267118000214},
	journal = {Economics and Philosophy},
	number = {2},
	pages = {223--258},
	title = {Confidence in Beliefs and Rational Decision Making},
	volume = {35},
	year = {2019}
}


@article{Douglas2000-DOUIRA,
	author = {Heather Douglas},
	doi = {10.1086/392855},
	journal = {Philosophy of Science},
	number = {4},
	pages = {559--579},
	publisher = {Jstor},
	title = {Inductive Risk and Values in Science},
	volume = {67},
	year = {2000}
}

@book{lycan1988judgement,
    author    = {Lycan, W.},
    year      = {1988},
    title     = {Judgement and Justification},
    publisher = {Cambridge University Press},
    address   = {New York}
}

@book{mackie1974cement,
    author    = {Mackie, J.},
    year      = {1974},
    title     = {The Cement of the Universe},
    publisher = {Oxford University Press},
    address   = {New York}
}

@incollection{malament1977observationally,
    author    = {Malament, D.},
    year      = {1977},
    title     = {Observationally Indistinguishable Spacetimes},
    booktitle = {Foundations of Space-Time Theories: Minnesota Studies in the Philosophy of Science},
    volume    = {8},
    editor    = {Earman, J. and Glymour, C. and Stachel, J.},
    publisher = {University of Minnesota Press},
    address   = {Minneapolis}
}

@article{martin1975borel,
    author  = {Martin, D. A.},
    year    = {1975},
    title   = {Borel Determinacy},
    journal = {Annals of Mathematics},
    volume  = {102},
    pages   = {364-371}
}

@article{mcnaughton1966testing,
    author  = {McNaughton, R.},
    year    = {1966},
    title   = {Testing and Generating Infinite Sequences by a Finite Automaton},
    journal = {Information and Control},
    volume  = {9},
    pages   = {521-530}
}

@article{Menon2023-MENSSW,
    author    = {Tarun Menon and Jacob Stegenga},
    doi       = {10.1007/s13194-023-00552-7},
    journal   = {European Journal for Philosophy of Science},
    number    = {48},
    pages     = {1--24},
    publisher = {Springer Verlag},
    title     = {Sisyphean Science: Why Value Freedom is Worth Pursuing},
    volume    = {13},
    year      = {2023}
}

@book{moschavakis1980descriptive,
    author    = {Moschavakis, Y.},
    year      = {1980},
    title     = {Descriptive Set Theory},
    publisher = {North Holland},
    address   = {Amsterdam}
}

@article{newall1976computer,
    author  = {Newall, A. and Simon, H.},
    year    = {1976},
    title   = {Computer Science as Empirical Inquiry: Symbols and Search},
    journal = {Communications of the ACM},
    volume  = {19},
    pages   = {113-126}
}

@article{neyman1933problem,
    author  = {Neyman, J. and Pearson, E.},
    year    = {1933},
    title   = {On the Problem of the Most Efficient Tests of Statistical Hypotheses},
    journal = {Philosophical Transactions of the Royal Society},
    volume  = {231A},
    pages   = {289-337}
}

@book{nozick1981philosophical,
    author    = {Nozick, R.},
    year      = {1981},
    title     = {Philosophical Explanations},
    publisher = {Harvard University Press},
    address   = {Cambridge}
}

@book{oakes1986statistical,
    author    = {Oakes, M.},
    year      = {1986},
    title     = {Statistical Inference: A Commentary for the Social and Behavioral Sciences},
    publisher = {Wiley},
    address   = {New York}
}

@book{osherson1986systems,
    author    = {Osherson, D. and Stob, M. and Weinstein, S.},
    year      = {1986},
    title     = {Systems That Learn},
    publisher = {MIT Press},
    address   = {Cambridge}
}

@article{osherson1987complementary,
    author  = {Osherson, D.},
    year    = {1987},
    title   = {Complementary Approaches to Causal Learning},
    journal = {Cognition},
    volume  = {26},
    pages   = {51-71}
}

@book{popper1959logic,
    author    = {Popper, K.},
    year      = {1959},
    title     = {The Logic of Scientific Discovery},
    publisher = {Hutchinson},
    address   = {London}
}

@article{popper1963reduction,
    author  = {Popper, K.},
    year    = {1963},
    title   = {Science: Conjectures and Refutations},
    journal = {Proceedings of the Royal Society},
    volume  = {A 271},
    pages   = {596-612}
}

@book{quine1953two,
    author    = {Quine, W.},
    year      = {1953},
    title     = {From a Logical Point of View},
    publisher = {Harvard University Press},
    address   = {Cambridge}
}

@article{quine1969ontology,
    author  = {Quine, W.},
    year    = {1969},
    title   = {Ontological Relativity},
    journal = {The Journal of Philosophy},
    volume  = {65},
    pages   = {185-212}
}

@book{reichenbach1956rise,
    author    = {Reichenbach, H.},
    year      = {1956},
    title     = {The Rise of Scientific Philosophy},
    publisher = {University of California Press},
    address   = {Berkeley}
}

@book{rorty1979philosophy,
    author    = {Rorty, R.},
    year      = {1979},
    title     = {Philosophy and the Mirror of Nature},
    publisher = {Princeton University Press},
    address   = {Cambridge}
}

@article{Rudner1953-RUDTSQ,
    author    = {Richard Rudner},
    doi       = {10.1086/287231},
    journal   = {Philosophy of Science},
    number    = {1},
    pages     = {1--6},
    publisher = {Philosophy of Science Association; the University of Chicago Press},
    title     = {The Scientist Qua Scientist Makes Value Judgments},
    volume    = {20},
    year      = {1953}
}

@book{salmon1967foundations,
    author    = {Salmon, W.},
    year      = {1967},
    title     = {The Foundations of Scientific Inference},
    publisher = {University of Pittsburgh Press},
    address   = {Pittsburgh}
}

@article{savage1967implications,
    author  = {Savage, L.},
    year    = {1967},
    title   = {Implications of Personal Probability for Induction},
    journal = {Journal of Philosophy},
    volume  = {44},
    pages   = {593-607}
}

@article{savage1972foundations,
    author  = {Savage, L.},
    year    = {1972},
    title   = {The Foundations of Statistics},
    journal = {Dover},
    address = {New York}
}

@article{seidenfeld1988decision,
    author  = {Seidenfeld, T.},
    year    = {1988},
    title   = {Decision Theory without 'Independence' or without 'Ordering'},
    journal = {Economics and Philosophy},
    volume  = {4},
    pages   = {267-290}
}

@incollection{sextus1985selections,
    author     = {Sextus Empiricus},
    year       = {1985},
    title      = {Selections from the Major Writings on Scepticism, Man and God},
    editor     = {Hallie, P.},
    translator = {Etheridge, S.},
    publisher  = {Hackett},
    address    = {Indianapolis}
}

@article{shapiro1981inductive,
    author  = {Shapiro, E.},
    year    = {1981},
    title   = {Inductive Inference of Theories from Facts, Report YLU 192},
    journal = {Department of Computer Science, Yale University},
    address = {New Haven}
}

@incollection{sieg1994mechanical,
    author    = {Sieg, W.},
    year      = {1994},
    title     = {Mechanical Procedures and Mathematical Experience},
    booktitle = {Mathematics and Mind},
    editor    = {George, A.},
    publisher = {Oxford University Press},
    address   = {Oxford}
}

@article{simon1953causal,
    author    = {Simon, H.},
    year      = {1953},
    title     = {Causal Ordering and Identifiability},
    journal   = {Studies in Econometric Methods},
    editor    = {Hood, W.},
    publisher = {Wiley},
    address   = {New York}
}

@article{simon1973does,
    author  = {Simon, H.},
    year    = {1973},
    title   = {Does Scientific Discovery Have a Logic?},
    journal = {Philosophy of Science},
    volume  = {40},
    pages   = {471-480}
}

@article{solovay1977fast,
    author  = {Solovay, R. and Strassen, V.},
    year    = {1977},
    title   = {A Fast Monte Carlo Test for Primality},
    journal = {SIAM Journal of Computation},
    volume  = {6},
    pages   = {84-85}
}

@book{spirtes1993causality,
    author    = {Spirtes, P. and Glymour, C. and Scheines, R.},
    year      = {1993},
    title     = {Causality, Search and Statistics},
    publisher = {Springer},
    address   = {New York}
}

@article{stalnaker1968theory,
    author    = {Stalnaker, R.},
    year      = {1968},
    title     = {A Theory of Conditionals},
    journal   = {Studies in Logical Theory},
    editor    = {Rescher, N.},
    publisher = {Blackwell},
    address   = {Oxford}
}

@article{Steele2012-STETSQ,
    author    = {Katie Siobhan Steele},
    doi       = {10.1086/667842},
    journal   = {Philosophy of Science},
    number    = {5},
    pages     = {893--904},
    publisher = {University of Chicago Press},
    title     = {The Scientist Qua Policy Advisor Makes Value Judgments},
    volume    = {79},
    year      = {2012}
}

@article{turing1936computable,
    author  = {Turing, A.},
    year    = {1936},
    title   = {On Computable Numbers, with an Application to the Entscheidungsproblem},
    journal = {London Mathematics Society},
    volume  = {42},
    pages   = {230-265}
}

@book{van1980scientific,
    author    = {Van Fraassen, B.},
    year      = {1980},
    title     = {The Scientific Image},
    publisher = {Clarendon Press},
    address   = {Oxford}
}

@phdthesis{van1987random,
    author  = {Van Lambalgen, M.},
    year    = {1987},
    title   = {Random Sequences},
    school  = {University of Amsterdam},
    address = {Amsterdam}
}

@book{vision1987modern,
    author    = {Vision, G.},
    year      = {1987},
    title     = {Modern Anti-Realism and Manufactured Truth},
    publisher = {Routledge},
    address   = {London}
}

@book{von1981probability,
    author    = {Von Mises, R.},
    year      = {1981},
    title     = {Probability, Statistics, and Truth},
    publisher = {Dover},
    address   = {New York}
}

@article{Ward2021-WAROVS,
    author  = {Zina B. Ward},
    doi     = {10.1016/j.shpsa.2020.09.006},
    journal = {Studies in History and Philosophy of Science Part A},
    pages   = {54--62},
    title   = {On Value-Laden Science},
    volume  = {85},
    year    = {2021}
}

@book{winston1975psychology,
    author    = {Winston, P. H.},
    year      = {1975},
    title     = {The Psychology of Computer Vision},
    publisher = {McGraw-Hill},
    address   = {New York}
}

