@incollection{arlo2016introduction,
    author    = {Arló-Costa, Horacio and Hendricks, Vincent F. and van Benthem, Johan},
    title     = {Introduction},
    booktitle = {Readings in Formal Epistemology},
    editor    = {Arló-Costa, Horacio and Hendricks, Vincent F. and van Benthem, Johan},
    series    = {Springer Graduate Texts in Philosophy},
    volume    = {1},
    publisher = {Springer},
    year      = {2016},
    doi       = {10.1007/978-3-319-20451-2_2}
}

@book{Ballantyne2019-BALKOL,
    address   = {New York, NY, USA},
    author    = {Nathan Ballantyne},
    editor    = {},
    publisher = {Oxford University Press},
    title     = {Knowing Our Limits},
    year      = {2019}
}

@article{bekelman2003scope,
    author  = {Bekelman, Justin and Li, Yan and Gross, Cary},
    title   = {Scope and Impact of Financial Conflicts of Interest in Biomedical Research},
    journal = {JAMA},
    volume  = {289},
    pages   = {454--465},
    year    = {2003},
    doi     = {10.1001/jama.289.4.454}
}

@article{biddle2007,
    author  = {Biddle, Justin},
    title   = {Lessons from the Vioxx Debacle: What the Privatization of Science Can Teach Us about Social Epistemology},
    journal = {Social Epistemology},
    volume  = {21},
    number  = {1},
    pages   = {21--39},
    year    = {2007}
}

@article{BourgetChalmers2023,
    author  = {Bourget, David and Chalmers, David J.},
    title   = {Philosophers on Philosophy: The 2020 PhilPapers Survey},
    journal = {Philosophers' Imprint},
    year    = {2023},
    volume  = {23},
    number  = {11}
}

@book{bovens2003bayesian,
    title     = {Bayesian Epistemology},
    author    = {Bovens, Luc and Hartmann, Stephan},
    year      = {2003},
    publisher = {Oxford University Press},
    address   = {Oxford}
}

@article{bradley2014aggregating,
    title   = {Aggregating Causal Judgments},
    author  = {Bradley, Richard and Dietrich, Franz and List, Christian},
    journal = {Philosophy of Science},
    volume  = {81},
    number  = {4},
    pages   = {491--515},
    year    = {2014}
}

@book{Buchak2013-BUCRAR-5,
    address   = {Oxford, GB},
    author    = {Lara Buchak},
    editor    = {},
    publisher = {Oxford University Press},
    title     = {Risk and Rationality},
    year      = {2013}
}

@book{Cartwright1989-CARNCA,
    address   = {New York},
    author    = {Nancy Cartwright},
    editor    = {},
    publisher = {Oxford University Press},
    title     = {Nature's Capacities and Their Measurement},
    year      = {1989}
}

@article{Cartwright2006,
    author  = {Nancy Cartwright},
    title   = {Well-Ordered Science: Evidence for Use},
    journal = {Philosophy of Science},
    volume  = {73},
    pages   = {981--990},
    year    = {2006}
}

@article{cartwright2007,
    author  = {Cartwright, N.},
    title   = {Are {RCTs} the Gold Standard?},
    journal = {BioSocieties},
    volume  = {2},
    pages   = {11--20},
    year    = {2007}
}

@article{cartwright2010,
    author  = {Cartwright, N.},
    title   = {What Are Randomized Controlled Trials Good For?},
    journal = {Phil Stud},
    volume  = {147},
    pages   = {59--70},
    year    = {2010}
}

@incollection{Cartwright2017-CARSCC-4,
    author    = {Nancy Cartwright},
    booktitle = {Philosophy of Science in Practice: Nancy Cartwright and the Nature of Scientific Reasoning},
    editor    = {Hsiang{-}Ke Chao and Julian Reiss},
    publisher = {Springer Verlag},
    title     = {Single Case Causes: What is Evidence and Why},
    year      = {2017}
}

@book{Chang2012-CHAIWH,
    author    = {Hasok Chang},
    editor    = {},
    publisher = {Boston Studies in the Philosophy and History of Science},
    title     = {is Water H2O? Evidence, Realism and Pluralism},
    year      = {2012}
}

@article{choudhry2005,
    author  = {Choudhry, Niteesh K. and Fletcher, Robert H. and Soumerai, Stephen B.},
    title   = {Systematic review: the relationship between clinical experience and quality of health care},
    journal = {Annals of Internal Medicine},
    year    = {2005},
    volume  = {142},
    pages   = {260--273}
}

@article{cipriani2018comparative,
    author  = {Cipriani, Andrea and Furukawa, Toshi A and Salanti, Georgia and Chaimani, Anna and Atkinson, Lauren Z and Ogawa, Yusuke and Leucht, Stefan and et al.},
    title   = {Comparative Efficacy and Acceptability of 21 Antidepressant Drugs for the Acute Treatment of Adults with Major Depressive Disorder: A Systematic Review and Network Meta-Analysis},
    journal = {Lancet},
    volume  = {391},
    pages   = {1357--1366},
    year    = {2018}
}

@article{clarke2014,
    author  = {Clarke, B. and Gillies, D. and Illari, P. and Russo, F. and Williamson, J.},
    title   = {Mechanisms and the Evidence Hierarchy},
    journal = {Topoi},
    volume  = {33},
    pages   = {339--360},
    year    = {2014}
}

@article{cresto2020confirmational,
    title   = {Confirmational Holism and Theory Choice: Arrow Meets Duhem},
    author  = {Cresto, Eleonora and Tajer, Diego},
    journal = {Mind},
    volume  = {129},
    number  = {513},
    pages   = {71--111},
    year    = {2020}
}

@book{deFinetti2008-DEFPLO,
    author    = {de Finetti, Bruno},
    editor    = {},
    publisher = {Springer},
    title     = {Philosophical Lectures on Probability: Collected, Edited, and Annotated by Alberto Mura},
    year      = {2008}
}

@book{douglas2009science,
    author    = {Douglas, Heather},
    title     = {Science, Policy, and the Value-Free Ideal},
    year      = {2009},
    publisher = {University of Pittsburgh Press},
    address   = {Pittsburgh}
}

@article{duran.2020.WhatSimuMode,
  title = {What Is a {{Simulation Model}}?},
  author = {Dur{\'a}n, Juan M.},
  year = {2020},
  journal = {Minds and Machines},
  volume = {30},
  number = {3},
  pages = {301--323},
  issn = {1572-8641},
  doi = {10.1007/s11023-020-09520-z},
  url = {https://doi.org/10.1007/s11023-020-09520-z}
}


@article{evidencebased1992,
    author  = {{Evidence-Based Medicine Working Group}},
    title   = {Evidence-based medicine. A new approach to teaching the practice of medicine},
    journal = {JAMA},
    year    = {1992},
    volume  = {268},
    number  = {17},
    pages   = {2420--2425}
}

@article{fabrigar2020validity,
    author  = {Fabrigar, Leandre R. and Wegener, Duane T. and Petty, Richard E.},
    title   = {A Validity-Based Framework for Understanding Replication in Psychology},
    journal = {Personality and Social Psychology Review},
    year    = {2020},
    volume  = {24},
    number  = {4},
    pages   = {316--344},
    doi     = {10.1177/1088868320934490}
}

@article{FernandezPinto2018-PINELR,
    author  = {Fern\'{a}ndez Pinto, Manuela and Fern\'{a}ndez Pinto, Daniel},
    journal = {Historical Social Research},
    number  = {1},
    pages   = {48--71},
    title   = {Epistemic Landscapes Reloaded: An Examination of Agent-Based Models in Social Epistemology.},
    volume  = {43},
    year    = {2018}
}

@book{fitzpatrick-selling-sickness,
    author    = {Fitzpatrick, Michael},
    title     = {Selling Sickness: How Drug Companies Are Turning Us All Into Patients},
    year      = {2005},
    publisher = {New York University Press},
    address   = {New York}
}

@article{fletcher2019evidence,
    title   = {Evidence Amalgamation in the Sciences: An Introduction},
    author  = {Fletcher, Samuel C. and Landes, J{\"u}rgen and Poellinger, Roland},
    journal = {Synthese},
    volume  = {196},
    number  = {8},
    pages   = {3163--88},
    year    = {2019}
}

@article{Fuller2015-FULTRG-2,
    author  = {Jonathan Fuller and Luis J. Flores},
    doi     = {10.1016/j.shpsc.2015.06.006},
    journal = {Studies in History and Philosophy of Science Part C: Studies in History and Philosophy of Biological and Biomedical Sciences},
    pages   = {49--61},
    title   = {The Risk Gp Model: The Standard Model of Prediction in Medicine},
    volume  = {54},
    year    = {2015}
}

@book{Gauthier1986-GAUMBA,
    address   = {New York},
    author    = {David P. Gauthier},
    editor    = {},
    publisher = {Oxford University Press},
    title     = {Morals by Agreement},
    year      = {1986}
}

@unpublished{GhomiStegenga,
    author = {Hamed Tabatabaei Ghomi and Jacob Stegenga},
    title  = {Causal Inference from Clinical Experience},
    note   = {Manuscript}
}

@book{Goldman1999-GOLKIA,
    address   = {New York},
    author    = {Alvin I. Goldman},
    editor    = {},
    publisher = {Oxford University Press},
    title     = {Knowledge in a Social World},
    year      = {1999}
}

@incollection{goldman2011guide,
    author    = {Goldman, Alvin I.},
    title     = {A Guide to Social Epistemology},
    booktitle = {Social Epistemology: Essential Readings},
    editor    = {Goldman, Alvin I. and Whitcomb, Daniel},
    publisher = {Oxford University Press},
    year      = {2011},
    pages     = {11--37},
    address   = {Oxford}
}

@book{Grim1998-GRITPC,
    address   = {Cambridge, MA},
    author    = {Grim, Patrick and Mar, Gary and St. Denis, Paul},
    editor    = {},
    publisher = {MIT Press},
    title     = {The Philosophical Computer: Exploratory Essays in Philosophical Computer Modeling},
    year      = {1998}
}

@article{guyatt2008,
    author  = {Guyatt, G. H. and Oxman, A. D. and Vist, G. E. and Kunz, R. and Falck-Ytter, Y. and Alonso-Coello, P. and et al.},
    title   = {{GRADE: An Emerging Consensus on Rating Quality of Evidence and Strength of Recommendations}},
    journal = {BMJ : British Medical Journal},
    volume  = {336},
    number  = {7650},
    pages   = {924},
    year    = {2008},
    doi     = {10.1136/bmj.39489.470347.AD}
}

@book{Hampton1986-HAMHAT-2,
    address   = {New York},
    author    = {Jean Hampton},
    editor    = {},
    publisher = {Cambridge University Press},
    title     = {Hobbes and the Social Contract Tradition},
    year      = {1986}
}

@article{Healy2011,
    author  = {David Healy},
    title   = {Science, Rhetoric and the Causality of Adverse Events},
    journal = {International Journal of Risk \& Safety in Medicine},
    volume  = {23},
    number  = {3},
    pages   = {149--162},
    year    = {2011}
}

@article{Healy2020,
    author  = {David Healy},
    title   = {Medical Nihilism by Jacob Stegenga: Is Operationalism the Answer to Nihilism?},
    journal = {Studies in History and Philosophy of Biological and Biomedical Sciences},
    volume  = {81},
    pages   = {101272},
    year    = {2020}
}

@article{Heesen2019-HEEVMT,
    author    = {Remco Heesen and Liam Kofi Bright and Andrew Zucker},
    doi       = {10.1007/s11229-016-1294-7},
    journal   = {Synthese},
    number    = {8},
    pages     = {3067--3081},
    publisher = {Springer},
    title     = {Vindicating Methodological Triangulation},
    volume    = {196},
    year      = {2019}
}

@article{hegselmann2006truth,
    author  = {Hegselmann, Rainer and Krause, Ulrich},
    title   = {Truth and Cognitive Division of Labour: First Steps towards a Computer Aided Social Epistemology},
    journal = {Journal of Artificial Societies and Social Simulation},
    volume  = {9},
    number  = {3},
    year    = {2006},
    url     = {http://jasss.soc.surrey.ac.uk/9/3//10.html}
}

@article{hegselmann2009deliberative,
    author  = {Hegselmann, Rainer and Krause, Ulrich},
    title   = {Deliberative Exchange, Truth, and Cognitive Division of Labour: A Low-resolution Modeling Approach},
    journal = {Episteme},
    volume  = {6},
    number  = {2},
    year    = {2009}
}

@article{Hoefer2021-HOEMOE,
    author  = {Carl Hoefer and Alexander Krauss},
    journal = {Studies in History and Philosophy of Science Part A},
    title   = {Measures of Effectiveness in Medical Research: Reporting Both Absolute and Relative Measures},
    volume  = {88},
    year    = {2021}
}

@article{Holman2015-HOLTPO-46,
    author  = {Bennett Holman and Justin P. Bruner},
    doi     = {10.1086/683344},
    journal = {Philosophy of Science},
    number  = {5},
    pages   = {956--968},
    title   = {The Problem of Intransigently Biased Agents},
    volume  = {82},
    year    = {2015}
}

@article{Holman2017-HOLEBI,
    author  = {Bennett Holman and Justin Bruner},
    doi     = {10.1086/694037},
    journal = {Philosophy of Science},
    number  = {5},
    pages   = {1008--1019},
    title   = {Experimentation by Industrial Selection},
    volume  = {84},
    year    = {2017}
}

@article{Holman2018-HOLTPA-20,
    author  = {Bennett Holman and Kevin C. Elliott},
    doi     = {10.1111/phc3.12544},
    journal = {Philosophy Compass},
    number  = {11},
    title   = {The Promise and Perils of Industry-Funded Science},
    volume  = {13},
    year    = {2018}
}

@book{Howick2011-HOWTPO-10,
    address   = {Chichester, West Sussex, UK},
    author    = {Jeremy H. Howick},
    editor    = {},
    publisher = {Wiley-Blackwell, BMJ Books},
    title     = {The Philosophy of Evidence-Based Medicine},
    year      = {2011}
}

@article{howick2011b,
    author  = {Howick, Jeremy H.},
    title   = {Exposing the Vanities--and a Qualified Defense--of Mechanistic Reasoning in Health Care Decision Making},
    journal = {Philosophy of Science},
    volume  = {78},
    number  = {5},
    pages   = {926--940},
    year    = {2011}
}

@book{Hull1988-HULSAA,
    author    = {David L. Hull},
    editor    = {},
    publisher = {University of Chicago Press},
    title     = {Science as a Process: An Evolutionary Account of the Social and Conceptual Development of Science},
    year      = {1988}
}

@inproceedings{immorlica2017exponential,
    title        = {Exponential segregation in a two-dimensional schelling model with tolerant individuals},
    author       = {Immorlica, Nicole and Kleinbergt, Robert and Lucier, Brendan and Zadomighaddam, Morteza},
    booktitle    = {Proceedings of the twenty-eighth annual ACM-SIAM symposium on discrete algorithms},
    pages        = {984--993},
    year         = {2017},
    organization = {SIAM}
}

@incollection{jeffrey2016probable,
    title     = {Probable Knowledge},
    author    = {Jeffrey, Richard C},
    booktitle = {Readings in Formal Epistemology: Sourcebook},
    pages     = {47--65},
    year      = {2016},
    publisher = {Springer}
}

@article{jukola2017,
    author  = {Jukola, S.},
    title   = {A Social Epistemological Inquiry into Biases in Journal Peer Review},
    journal = {Perspectives on Science},
    volume  = {25},
    number  = {1},
    pages   = {124--148},
    year    = {2017}
}

@article{Kelly2003-KELERA,
    author    = {Thomas Kelly},
    doi       = {10.1111/j.1933-1592.2003.tb00281.x},
    journal   = {Philosophy and Phenomenological Research},
    number    = {3},
    pages     = {612--640},
    publisher = {Wiley-Blackwell},
    title     = {Epistemic Rationality as Instrumental Rationality: A Critique},
    volume    = {66},
    year      = {2003}
}

@incollection{kilinc2012meta,
    title     = {Meta-analysis as judgment aggregation},
    author    = {Kilinc, B.},
    booktitle = {EPSA Philosophy of Science: Amsterdam 2009},
    editor    = {de Regt, H. W. and Hartmann, S. and Okasha, S.},
    publisher = {Springer Netherlands},
    address   = {Dordrecht},
    year      = {2012},
    pages     = {123--135}
}

@article{Kitcher1990-KITTDO,
    author    = {Philip Kitcher},
    doi       = {10.2307/2026796},
    journal   = {Journal of Philosophy},
    number    = {1},
    pages     = {5--22},
    publisher = {Journal of Philosophy Inc},
    title     = {The Division of Cognitive Labor},
    volume    = {87},
    year      = {1990}
}

@book{kitcher.1995.AdvaScieScie,
  title = {The Advancement of Science: Science without Legend, Objectivity without Illusions},
  shorttitle = {The Advancement of Science},
  author = {Kitcher, Philip},
  year = {1995},
  edition = {1. issued as an Oxford Univ. Press paperback},
  publisher = {Oxford University Press},
  address = {New York},
  isbn = {978-0-19-504628-1 978-0-19-509653-8}
}


@book{Kuhn1962-KUHTSO-2,
    address   = {Chicago, IL},
    author    = {Thomas S. Kuhn},
    editor    = {Ian Hacking},
    publisher = {University of Chicago Press},
    title     = {The Structure of Scientific Revolutions},
    year      = {1962}
}

@article{Landes2018-LANEOC-5,
    author    = {Juergen Landes and Barbara Osimani and Roland Poellinger},
    doi       = {10.1007/s13194-017-0169-1},
    journal   = {European Journal for Philosophy of Science},
    number    = {1},
    pages     = {3--49},
    publisher = {Springer Verlag},
    title     = {Epistemology of Causal Inference in Pharmacology: Towards a Framework for the Assessment of Harms},
    volume    = {8},
    year      = {2018}
}

@article{Lewis1969-LEWCAP-10,
    author    = {David Lewis},
    journal   = {Synthese},
    number    = {1},
    pages     = {153--157},
    publisher = {Springer},
    title     = {Convention: A Philosophical Study},
    volume    = {26},
    year      = {1969}
}

@book{Lewis1969-LEWCAP-4,
    address   = {Cambridge, MA, USA},
    author    = {David Kellogg Lewis},
    editor    = {},
    publisher = {Wiley-Blackwell},
    title     = {Convention: A Philosophical Study},
    year      = {1969}
}

@book{Longino1990-LONSAS-4,
    author    = {Helen E. Longino},
    editor    = {},
    publisher = {Princeton University Press},
    title     = {Science as Social Knowledge: Values and Objectivity in Scientific Inquiry},
    year      = {1990}
}

@article{Lujan2021-LUJEBM,
    author    = {Jos\'e Luis Luj\'{a}n and Oliver Todt},
    doi       = {10.1007/s13194-020-00340-7},
    journal   = {European Journal for Philosophy of Science},
    number    = {1},
    pages     = {1--19},
    publisher = {Springer Verlag},
    title     = {Evidence Based Methodology: A Naturalistic Analysis of Epistemic Policies in Regulatory Science},
    volume    = {11},
    year      = {2021}
}

@book{lycan1988judgement,
    author    = {Lycan, W.},
    year      = {1988},
    title     = {Judgement and Justification},
    publisher = {Cambridge University Press},
    address   = {New York}
}

@book{mackie1974cement,
    author    = {Mackie, J.},
    year      = {1974},
    title     = {The Cement of the Universe},
    publisher = {Oxford University Press},
    address   = {New York}
}

@incollection{malament1977observationally,
    author    = {Malament, D.},
    year      = {1977},
    title     = {Observationally Indistinguishable Spacetimes},
    booktitle = {Foundations of Space-Time Theories: Minnesota Studies in the Philosophy of Science},
    volume    = {8},
    editor    = {Earman, J. and Glymour, C. and Stachel, J.},
    publisher = {University of Minnesota Press},
    address   = {Minneapolis}
}

@article{martin1975borel,
    author  = {Martin, D. A.},
    year    = {1975},
    title   = {Borel Determinacy},
    journal = {Annals of Mathematics},
    volume  = {102},
    pages   = {364-371}
}

@article{MartiniPinto2017,
    author  = {Martini, C. and Fernández Pinto, M.},
    title   = {Modeling the Social Organization of Science},
    journal = {European Journal for Philosophy of Science},
    year    = {2017},
    volume  = {7},
    number  = {2},
    pages   = {221--238}
}

@article{Mayo-Wilson2011-MAYTIT,
    author  = {Conor Mayo{-}Wilson and Kevin J. S. Zollman and David Danks},
    doi     = {10.1086/661777},
    journal = {Philosophy of Science},
    number  = {4},
    pages   = {653--677},
    title   = {The Independence Thesis: When Individual and Social Epistemology Diverge},
    volume  = {78},
    year    = {2011}
}

@article{Mayo-Wilson2021-MAYTCP-4,
    author    = {Conor Mayo{-}Wilson and Kevin J. S. Zollman},
    doi       = {10.1007/s11229-020-02950-3},
    journal   = {Synthese},
    number    = {1-2},
    pages     = {3647--3673},
    publisher = {Springer Verlag},
    title     = {The Computational Philosophy: Simulation as a Core Philosophical Method},
    volume    = {199},
    year      = {2021}
}

@article{Maziarz2022-MAZIMO,
    author  = {Mariusz Maziarz},
    doi     = {10.1016/j.shpsa.2021.11.007},
    journal = {Studies in History and Philosophy of Science Part A},
    number  = {C},
    pages   = {159--167},
    title   = {Is Meta-Analysis of Rcts Assessing the Efficacy of Interventions a Reliable Source of Evidence for Therapeutic Decisions?},
    volume  = {91},
    year    = {2022}
}

@article{mcnaughton1966testing,
    author  = {McNaughton, R.},
    year    = {1966},
    title   = {Testing and Generating Infinite Sequences by a Finite Automaton},
    journal = {Information and Control},
    volume  = {9},
    pages   = {521-530}
}

@article{meehl1986causes,
    author  = {Meehl, Paul E.},
    title   = {Causes and effects of my disturbing little book},
    journal = {Journal of Personality Assessment},
    year    = {1986},
    volume  = {50},
    pages   = {370--375}
}

@article{menon2017robustness,
    title   = {Robustness and Independent Evidence},
    author  = {Menon, Tarun and Stegenga, Jacob},
    journal = {Philosophy of Science},
    volume  = {84},
    pages   = {414--435},
    year    = {2017}
}

@article{Miller2013,
    author  = {Boaz Miller},
    title   = {When is Consensus Knowledge-Based? Distinguishing Shared Knowledge from Mere Agreement},
    journal = {Synthese},
    volume  = {190},
    pages   = {1293--1316},
    year    = {2013}
}

@incollection{mohseni2024methods,
  author    = {Aydin Mohseni},
  title     = {Methods for Modelers of Science},
  booktitle = {Methods in the Philosophy of Science: A User’s Guide},
  editor    = {Veigl, Jakob and Currie, Adrian},
  publisher = {MIT Press},
  year      = {2024},
  address   = {Cambridge, MA},
}

@book{moore1995deadly,
    author    = {Moore, Thomas J.},
    title     = {Deadly Medicines: Why Tens of Thousands of Heart Patients Died in America's Worst Drug Disaster},
    year      = {1995},
    publisher = {Simon \& Schuster},
    address   = {New York}
}

@book{moschavakis1980descriptive,
    author    = {Moschavakis, Y.},
    year      = {1980},
    title     = {Descriptive Set Theory},
    publisher = {North Holland},
    address   = {Amsterdam}
}

@article{newall1976computer,
    author  = {Newall, A. and Simon, H.},
    year    = {1976},
    title   = {Computer Science as Empirical Inquiry: Symbols and Search},
    journal = {Communications of the ACM},
    volume  = {19},
    pages   = {113-126}
}

@article{neyman1933problem,
    author  = {Neyman, J. and Pearson, E.},
    year    = {1933},
    title   = {On the Problem of the Most Efficient Tests of Statistical Hypotheses},
    journal = {Philosophical Transactions of the Royal Society},
    volume  = {231A},
    pages   = {289-337}
}

@book{nguyen-frigg-2022,
    title     = {Scientific Representation},
    author    = {Nguyen, James and Frigg, Roman},
    year      = {2022},
    publisher = {Cambridge University Press},
    address   = {Cambridge}
}

@article{Nord2001-NORCAI-2,
    author    = {Erik Nord},
    journal   = {Philosophical Quarterly},
    number    = {202},
    pages     = {132--133},
    publisher = {Wiley-Blackwell},
    title     = {Cost-Value Analysis in Health Care: Making Sense Out of Qalys},
    volume    = {51},
    year      = {2001}
}

@book{nozick1981philosophical,
    author    = {Nozick, R.},
    year      = {1981},
    title     = {Philosophical Explanations},
    publisher = {Harvard University Press},
    address   = {Cambridge}
}

@book{oakes1986statistical,
    author    = {Oakes, M.},
    year      = {1986},
    title     = {Statistical Inference: A Commentary for the Social and Behavioral Sciences},
    publisher = {Wiley},
    address   = {New York}
}

@book{OConnor2023,
    author    = {O'Connor, Cailin},
    title     = {Modelling Scientific Communities},
    publisher = {Cambridge University Press},
    year      = {2023},
    address   = {Cambridge},
    series    = {Elements in the Philosophy of Science}
}

@book{Oreskes2010-OREMOD,
    author    = {Naomi Oreskes and Erik M. Conway},
    editor    = {},
    publisher = {Bloomsbury Press},
    title     = {Merchants of Doubt: How a Handful of Scientists Obscured the Truth on Issues From Tobacco Smoke to Global Warming},
    year      = {2010}
}

@book{osherson1986systems,
    author    = {Osherson, D. and Stob, M. and Weinstein, S.},
    year      = {1986},
    title     = {Systems That Learn},
    publisher = {MIT Press},
    address   = {Cambridge}
}

@article{osherson1987complementary,
    author  = {Osherson, D.},
    year    = {1987},
    title   = {Complementary Approaches to Causal Learning},
    journal = {Cognition},
    volume  = {26},
    pages   = {51-71}
}

@article{Pinto2015-PINCAT-4,
    author  = {Fern\'{a}ndez Pinto, Manuela},
    doi     = {10.1162/posc\_{a}_00166},
    journal = {Perspectives on Science},
    number  = {2},
    pages   = {173--191},
    title   = {Commercialization and the Limits of Well-Ordered Science},
    volume  = {23},
    year    = {2015}
}

@article{Pinto2023-PINEDA,
    author    = {Fern\'{a}ndez Pinto, Manuela and Fern\'{a}ndez Pinto, Daniel},
    doi       = {10.1007/s11229-023-04158-7},
    journal   = {Synthese},
    number    = {5},
    pages     = {1--18},
    publisher = {Springer Verlag},
    title     = {Epistemic Diversity and Industrial Selection Bias},
    volume    = {201},
    year      = {2023}
}

@book{popper1959logic,
    author    = {Popper, K.},
    year      = {1959},
    title     = {The Logic of Scientific Discovery},
    publisher = {Hutchinson},
    address   = {London}
}

@article{popper1963reduction,
    author  = {Popper, K.},
    year    = {1963},
    title   = {Science: Conjectures and Refutations},
    journal = {Proceedings of the Royal Society},
    volume  = {A 271},
    pages   = {596-612}
}

@book{quine1953two,
    author    = {Quine, W.},
    year      = {1953},
    title     = {From a Logical Point of View},
    publisher = {Harvard University Press},
    address   = {Cambridge}
}

@article{quine1969ontology,
    author  = {Quine, W.},
    year    = {1969},
    title   = {Ontological Relativity},
    journal = {The Journal of Philosophy},
    volume  = {65},
    pages   = {185-212}
}

@book{railsback2019agent,
    author    = {Railsback, Steven F. and Grimm, Volker},
    title     = {Agent-Based and Individual-Based Modeling: A Practical Introduction},
    year      = {2019},
    publisher = {Princeton University Press},
    address   = {Princeton, NJ},
    edition   = {2nd},
    isbn      = {978-0691181444}
}

@incollection{ramsey2016truth,
    author    = {Ramsey, Frank P.},
    title     = {Truth and Probability},
    booktitle = {Readings in Formal Epistemology},
    editor    = {Arló-Costa, Horacio and Hendricks, Vincent F. and van Benthem, Johan},
    series    = {Springer Graduate Texts in Philosophy},
    volume    = {1},
    publisher = {Springer},
    year      = {2016},
    doi       = {10.1007/978-3-319-20451-2_3}
}

@book{reichenbach1956rise,
    author    = {Reichenbach, H.},
    year      = {1956},
    title     = {The Rise of Scientific Philosophy},
    publisher = {University of California Press},
    address   = {Berkeley}
}

@article{Reutlinger2020-REUWIE,
    author    = {Alexander Reutlinger},
    doi       = {10.1007/s13194-020-00280-2},
    journal   = {European Journal for Philosophy of Science},
    number    = {2},
    pages     = {1--26},
    publisher = {Springer Verlag},
    title     = {What is Epistemically Wrong with Research Affected by Sponsorship Bias? The Evidential Account},
    volume    = {10},
    year      = {2020}
}

@article{riegler2009extending,
    author  = {Riegler, Alexander and Douven, Igor},
    title   = {Extending the Hegselmann-Krause Model III: From Single Beliefs to Complex Belief States},
    journal = {Episteme},
    volume  = {6},
    number  = {2},
    pages   = {145-163},
    year    = {2009}
}

@article{Romero2016-ROMCTB-3,
    author    = {Felipe Romero},
    doi       = {10.1016/j.shpsa.2016.10.002},
    journal   = {Studies in History and Philosophy of Science Part A},
    number    = {C},
    pages     = {55--69},
    publisher = {Elsevier Bv},
    title     = {Can the Behavioral Sciences Self-Correct? A Social Epistemic Study},
    volume    = {60},
    year      = {2016}
}

@book{rorty1979philosophy,
    author    = {Rorty, R.},
    year      = {1979},
    title     = {Philosophy and the Mirror of Nature},
    publisher = {Princeton University Press},
    address   = {Cambridge}
}

@article{rosenthal1979file,
    author  = {Rosenthal, Robert},
    title   = {The file drawer problem and tolerance for null results},
    journal = {Psychological Bulletin},
    volume  = {86},
    pages   = {638--641},
    year    = {1979}
}

@article{RussoWilliamson2007,
    author  = {Federica Russo and Jon Williamson},
    title   = {Interpreting Causality in the Health Sciences},
    journal = {International Studies in the Philosophy of Science},
    volume  = {21},
    pages   = {157--170},
    year    = {2007}
}

@article{saferDesignReportingModifications,
    author  = {Safer, Daniel J.},
    title   = {Design and reporting modifications in industry-sponsored comparative psychopharmacology trials},
    journal = {The Journal of Nervous and Mental Disease},
    volume  = {190},
    number  = {9},
    pages   = {583-592},
    year    = {2002},
    doi     = {10.1097/00005053-200209000-00002},
    pmid    = {12357091}
}

@book{salmon1967foundations,
    author    = {Salmon, W.},
    year      = {1967},
    title     = {The Foundations of Scientific Inference},
    publisher = {University of Pittsburgh Press},
    address   = {Pittsburgh}
}

@article{Sarkar2015-SARFEA,
    author  = {Sahotra Sarkar and Thomas Uebel},
    doi     = {10.1016/j.shpsa.2015.05.003},
    journal = {Studies in History and Philosophy of Science Part A},
    pages   = {1--2},
    title   = {Introduction: Formal Epistemology and the Legacy of Logical Empiricism},
    volume  = {53},
    year    = {2015}
}

@book{Savage1954-SAVTFO-2,
    author    = {Leonard J. Savage},
    editor    = {},
    publisher = {Wiley Publications in Statistics},
    title     = {The Foundations of Statistics},
    year      = {1954}
}

@article{savage1967implications,
    author  = {Savage, L.},
    year    = {1967},
    title   = {Implications of Personal Probability for Induction},
    journal = {Journal of Philosophy},
    volume  = {44},
    pages   = {593-607}
}

@article{savage1972foundations,
    author  = {Savage, L.},
    year    = {1972},
    title   = {The Foundations of Statistics},
    journal = {Dover},
    address = {New York}
}

@article{Scheller2022,
    author  = {Scheller, S. and Merdes, C. and Hartmann, S.},
    title   = {Computational modeling in philosophy: introduction to a topical collection},
    journal = {Synthese},
    year    = {2022},
    volume  = {200},
    pages   = {114},
    doi     = {10.1007/s11229-022-03481-9}
}

@article{schelling1971dynamic,
    author  = {Schelling, Thomas C.},
    title   = {Dynamic Models of Segregation},
    journal = {Journal of Mathematical Sociology},
    volume  = {1},
    pages   = {143--186},
    year    = {1971},
    doi     = {10.1080/0022250X.1971.9989794}
}

@book{science-private-interest,
    author    = {David B. Resnik},
    title     = {Science in the Private Interest: Has the Lure of Profits Corrupted Biomedical Research?},
    year      = {2003},
    publisher = {Rowman \& Littlefield Publishers},
    address   = {Lanham, MD}
}

@article{seidenfeld1988decision,
    author  = {Seidenfeld, T.},
    year    = {1988},
    title   = {Decision Theory without 'Independence' or without 'Ordering'},
    journal = {Economics and Philosophy},
    volume  = {4},
    pages   = {267-290}
}

@incollection{sep-agent-modeling-philscience,
    author       = {Šešelja, Dunja},
    title        = {{Agent-Based Modeling in the Philosophy of Science}},
    booktitle    = {The {Stanford} Encyclopedia of Philosophy},
    editor       = {Edward N. Zalta and Uri Nodelman},
    howpublished = {\url{https://plato.stanford.edu/archives/win2023/entries/agent-modeling-philscience/}},
    year         = {2023},
    edition      = {{W}inter 2023},
    publisher    = {Metaphysics Research Lab, Stanford University}
}

@article{Seselja2022,
    author  = {Šešelja, Dunja},
    title   = {Agent-based models of scientific interaction},
    journal = {Philosophy Compass},
    year    = {2022},
    volume  = {17},
    number  = {7},
    pages   = {e12855},
    doi     = {10.1111/phc3.12855}
}

@inproceedings{seselja2023explanations,
    author    = {Šešelja, Dunja},
    title     = {What kind of explanations do we get from agent-based models of scientific inquiry?},
    booktitle = {Proceedings of the 16th International Congress of Logic, Methodology and Philosophy of Science and Technology},
    editor    = {Andersen, H. and Marvan, T. and Chang, H. and Löwe, B. and Pezlar, I.},
    year      = {2023}
}

@article{shapiro1981inductive,
    author  = {Shapiro, E.},
    year    = {1981},
    title   = {Inductive Inference of Theories from Facts, Report YLU 192},
    journal = {Department of Computer Science, Yale University},
    address = {New Haven}
}

@incollection{sieg1994mechanical,
    author    = {Sieg, W.},
    year      = {1994},
    title     = {Mechanical Procedures and Mathematical Experience},
    booktitle = {Mathematics and Mind},
    editor    = {George, A.},
    publisher = {Oxford University Press},
    address   = {Oxford}
}

@article{simon1953causal,
    author    = {Simon, H.},
    year      = {1953},
    title     = {Causal Ordering and Identifiability},
    journal   = {Studies in Econometric Methods},
    editor    = {Hood, W.},
    publisher = {Wiley},
    address   = {New York}
}

@article{simon1955behavioral,
    author  = {Simon, Herbert},
    title   = {A Behavioral Model of Rational Choice},
    journal = {Quarterly Journal of Economics},
    volume  = {69},
    pages   = {99--118},
    year    = {1955}
}

@article{simon1973does,
    author  = {Simon, H.},
    year    = {1973},
    title   = {Does Scientific Discovery Have a Logic?},
    journal = {Philosophy of Science},
    volume  = {40},
    pages   = {471-480}
}

@book{Skyrms1990-SKYTDO-2,
    author    = {Brian Skyrms},
    editor    = {},
    publisher = {Harvard University Press},
    title     = {The Dynamics of Rational Deliberation},
    year      = {1990}
}

@book{Skyrms1996-SKYEOT-2,
    address   = {New York},
    author    = {Brian Skyrms},
    editor    = {},
    publisher = {Cambridge University Press},
    title     = {Evolution of the Social Contract},
    year      = {1996}
}

@article{Solomon1992-SOLSRA,
    author    = {Miriam Solomon},
    doi       = {10.1086/289680},
    journal   = {Philosophy of Science},
    number    = {3},
    pages     = {439--455},
    publisher = {University of Chicago Press},
    title     = {Scientific Rationality and Human Reasoning},
    volume    = {59},
    year      = {1992}
}

@incollection{Solomon2007,
    author    = {Miriam Solomon},
    title     = {The Social Epistemology of {NIH} Consensus Conferences},
    booktitle = {Establishing Medical Reality},
    editor    = {Harold Kincaid and John McKitrick},
    series    = {Philosophy and Medicine},
    volume    = {90},
    publisher = {Springer},
    address   = {Dordrecht},
    year      = {2007}
}

@article{solovay1977fast,
    author  = {Solovay, R. and Strassen, V.},
    year    = {1977},
    title   = {A Fast Monte Carlo Test for Primality},
    journal = {SIAM Journal of Computation},
    volume  = {6},
    pages   = {84-85}
}

@book{spirtes1993causality,
    author    = {Spirtes, P. and Glymour, C. and Scheines, R.},
    year      = {1993},
    title     = {Causality, Search and Statistics},
    publisher = {Springer},
    address   = {New York}
}

@article{Sprenger2017-SPRTAF,
    author  = {Jan Sprenger and Jacob Stegenga},
    doi     = {10.1086/693930},
    journal = {Philosophy of Science},
    number  = {5},
    pages   = {840--852},
    title   = {Three Arguments for Absolute Outcome Measures},
    volume  = {84},
    year    = {2017}
}

@article{stalnaker1968theory,
    author    = {Stalnaker, R.},
    year      = {1968},
    title     = {A Theory of Conditionals},
    journal   = {Studies in Logical Theory},
    editor    = {Rescher, N.},
    publisher = {Blackwell},
    address   = {Oxford}
}

@article{stegenga2011,
    author  = {Stegenga, J.},
    title   = {Is Meta-analysis the Platinum Standard of Evidence?},
    journal = {Studies in History and Philosophy of Biological and Biomedical Sciences},
    volume  = {42},
    pages   = {497--507},
    year    = {2011}
}

@article{Stegenga2013-STEAIT-4,
    author    = {Jacob Stegenga},
    doi       = {10.1007/s11229-011-9973-x},
    journal   = {Synthese},
    number    = {12},
    pages     = {2391--2411},
    publisher = {Springer Verlag},
    title     = {An Impossibility Theorem for Amalgamating Evidence},
    volume    = {190},
    year      = {2013}
}

@article{Stegenga2014-STEDWT-3,
    author    = {Jacob Stegenga},
    doi       = {10.1007/s11245-013-9189-4},
    journal   = {Topoi},
    number    = {2},
    pages     = {313--322},
    publisher = {Springer Verlag},
    title     = {Down with the Hierarchies},
    volume    = {33},
    year      = {2014}
}

@article{Stegenga2015-STEME-6,
    author  = {Jacob Stegenga},
    doi     = {10.1016/j.shpsc.2015.06.003},
    journal = {Studies in History and Philosophy of Science Part C: Studies in History and Philosophy of Biological and Biomedical Sciences},
    pages   = {62--71},
    title   = {Measuring Effectiveness},
    volume  = {54},
    year    = {2015}
}

@article{stegenga2016,
    author  = {Stegenga, J.},
    title   = {Hollow Hunt for Harms},
    journal = {Perspectives on Science},
    volume  = {24},
    number  = {5},
    pages   = {481--504},
    year    = {2016}
}

@book{Stegenga2018-STEMN-3,
    address   = {Oxford, United Kingdom},
    author    = {Jacob Stegenga},
    editor    = {},
    publisher = {Oxford University Press},
    title     = {Medical Nihilism},
    year      = {2018}
}

@article{Stegenga2022-STEEOE-3,
    author  = {Jacob Stegenga},
    doi     = {10.1016/j.shpsa.2022.01.001},
    journal = {Studies in History and Philosophy of Science Part A},
    number  = {C},
    pages   = {288--295},
    title   = {Evidence of Effectiveness},
    volume  = {91},
    year    = {2022}
}

@incollection{Suppes1960Models,
    title     = {A Comparison of the Meaning and Uses of Models in Mathematics and the Empirical Sciences},
    author    = {Suppes, Patrick},
    booktitle = {The Logic of Decision and Action},
    editor    = {Rescher, Nicholas},
    pages     = {56--66},
    year      = {1960},
    publisher = {University of Pittsburgh Press},
    address   = {Pittsburgh, PA}
}

@article{Ghomi2022-TABCCI-5,
    author  = {Hamed Tabatabaei Ghomi and Jacob Stegenga},
    doi     = {10.1017/psa.2022.56},
    journal = {Philosophy of Science},
    number  = {5},
    pages   = {949--959},
    title   = {Conventional Choices in Outcome Measures Influence Meta-Analytic Results},
    volume  = {89},
    year    = {2022}
}

@incollection{TabatabaeiGhomi2023-TABSOT-2,
    author    = {Hamed Tabatabaei Ghomi and Jacob Stegenga},
    booktitle = {Advances in experimental philosophy of medicine},
    editor    = {Kristien Hens and Andreas de Block},
    pages     = {111--128},
    publisher = {Bloomsbury Academic},
    title     = {Simulation of Trial Data to Test Speculative Hypotheses About Research Methods},
    year      = {2023}
}

@unpublished{TabatabaeiGhomiManus,
    author = {Tabatabaei Ghomi, Hamed and Stegenga, Jacob},
    title  = {Causal Inference from Clinical Experience},
    note   = {Draft},
    year   = {2023}
}

@article{Thicke2020-THIEFM-2,
    author    = {Michael Thicke},
    doi       = {10.1007/s10838-018-9440-1},
    journal   = {Journal for General Philosophy of Science / Zeitschrift f\"{u}r Allgemeine Wissenschaftstheorie},
    number    = {2},
    pages     = {315--335},
    publisher = {Springer Verlag},
    title     = {Evaluating Formal Models of Science},
    volume    = {51},
    year      = {2020}
}

@article{Tonelli2020-TONEKI,
    author    = {Mark R. Tonelli and Devora Shapiro},
    doi       = {10.1007/s11017-020-09521-0},
    journal   = {Theoretical Medicine and Bioethics},
    number    = {2},
    pages     = {67--82},
    publisher = {Springer Verlag},
    title     = {Experiential Knowledge in Clinical Medicine: Use and Justification},
    volume    = {41},
    year      = {2020}
}

@article{Tresker2022-TRETEA,
    author    = {Steven Tresker},
    doi       = {10.1080/02698595.2022.2054396},
    journal   = {International Studies in the Philosophy of Science},
    number    = {3},
    pages     = {131--158},
    publisher = {Routledge},
    title     = {Treatment Effectiveness and the Russo–Williamson Thesis, Ebm+, and Bradford Hill's Viewpoints},
    volume    = {34},
    year      = {2022}
}

@book{truth-about-drug-companies,
    author    = {Marcia Angell},
    title     = {The Truth About the Drug Companies: How they deceive us and what to do about it},
    year      = {2004},
    publisher = {Random House},
    address   = {New York}
}

@article{turing1936computable,
    author  = {Turing, A.},
    year    = {1936},
    title   = {On Computable Numbers, with an Application to the Entscheidungsproblem},
    journal = {London Mathematics Society},
    volume  = {42},
    pages   = {230-265}
}

@article{turner2008,
    author  = {Turner, Erick H. and Matthews, Annette M. and Linardatos, Eftihia and Tell, Robert A. and Rosenthal, Robert},
    title   = {Selective Publication of Antidepressant Trials and Its Influence on Apparent Efficacy},
    journal = {New England Journal of Medicine},
    volume  = {358},
    number  = {3},
    pages   = {252--260},
    year    = {2008}
}

@book{van1980scientific,
    author    = {Van Fraassen, B.},
    year      = {1980},
    title     = {The Scientific Image},
    publisher = {Clarendon Press},
    address   = {Oxford}
}

@phdthesis{van1987random,
    author  = {Van Lambalgen, M.},
    year    = {1987},
    title   = {Random Sequences},
    school  = {University of Amsterdam},
    address = {Amsterdam}
}

@book{vision1987modern,
    author    = {Vision, G.},
    year      = {1987},
    title     = {Modern Anti-Realism and Manufactured Truth},
    publisher = {Routledge},
    address   = {London}
}

@book{von1981probability,
    author    = {Von Mises, R.},
    year      = {1981},
    title     = {Probability, Statistics, and Truth},
    publisher = {Dover},
    address   = {New York}
}

@article{weatherall2020beat,
    title     = {How to beat science and influence people: policymakers and propaganda in epistemic networks},
    author    = {Weatherall, James Owen and O’Connor, Cailin and Bruner, Justin P},
    journal   = {The British Journal for the Philosophy of Science},
    year      = {2020},
    publisher = {The University of Chicago Press}
}

@article{weisberg.2006.RobuAnal,
  title = {Robustness {{Analysis}}},
  author = {Weisberg, Michael},
  year = {2006},
  journal = {Philosophy of Science},
  volume = {73},
  number = {5},
  pages = {730--742},
  publisher = {Cambridge University Press (CUP)},
  issn = {0031-8248, 1539-767X},
  doi = {10.1086/518628},
  url = {https://www.cambridge.org/core/product/identifier/S0031824800004761/type/journal\_article}
}


@incollection{weisberg-2016,
    author       = {Weisberg, Michael},
    title        = {Modeling},
    booktitle    = {The Oxford Handbook of Philosophical Methodology},
    editor       = {Cappelen, Herman and Gendler, Tamar Szabó and Hawthorne, John},
    year         = {2016},
    publisher    = {Oxford Academic},
    howpublished = {\url{https://doi.org/10.1093/oxfordhb/9780199668779.013.26}},
    note         = {Accessed on 6 Mar. 2024}
}

@book{Weisberg2013-WEISAS-5,
    address   = {New York, US},
    author    = {Michael Weisberg},
    editor    = {},
    publisher = {Oxford University Press},
    title     = {Simulation and Similarity: Using Models to Understand the World},
    year      = {2013}
}

@article{WeisbergMuldoon2009,
    author  = {Weisberg, Michael and Muldoon, Ryan},
    title   = {Epistemic Landscapes and the Division of Cognitive Labor},
    journal = {Philosophy of Science},
    year    = {2009},
    volume  = {76},
    number  = {2},
    pages   = {225-252}
}

@article{wieseler2013completeness,
    author  = {Wieseler, Beate and Wolfram, Natalia and McGauran, Natalie and Kerekes, Michael F. and Vervölgyi, Volker and Kohlepp, Petra and Kamphuis, Marloes and Grouven, Ulrich},
    title   = {Completeness of Reporting of Patient-Relevant Clinical Trial Outcomes: Comparison of Unpublished Clinical Study Reports with Publicly Available Data},
    journal = {PLoS Medicine},
    volume  = {10},
    number  = {10},
    pages   = {e1001526},
    year    = {2013},
    doi     = {10.1371/journal.pmed.1001526}
}

@article{Wilholt2009-WILBAV-2,
    author    = {Torsten Wilholt},
    doi       = {10.1016/j.shpsa.2008.12.005},
    journal   = {Studies in History and Philosophy of Science Part A},
    number    = {1},
    pages     = {92--101},
    publisher = {Elsevier Bv},
    title     = {Bias and Values in Scientific Research},
    volume    = {40},
    year      = {2009}
}

@book{winston1975psychology,
    author    = {Winston, P. H.},
    year      = {1975},
    title     = {The Psychology of Computer Vision},
    publisher = {McGraw-Hill},
    address   = {New York}
}

@article{worrall2002,
    author  = {Worrall, J.},
    title   = {What Evidence in Evidence-Based Medicine?},
    journal = {Philosophy of Science},
    volume  = {69},
    number  = {S3},
    pages   = {S316--S330},
    year    = {2002}
}

@article{Zollman2010-ZOLTEB-2,
	author = {Zollman, Kevin J. S.},
	doi = {10.1007/s10670-009-9194-6},
	journal = {Erkenntnis},
	number = {1},
	pages = {17--35},
	publisher = {Springer},
	title = {The Epistemic Benefit of Transient Diversity},
	volume = {72},
	year = {2010}
}

@book{zollman2021modeling,
    title     = {Modeling the Dynamics of Science: Computational Approaches to Scientific Discovery and Theory Change},
    author    = {Zollman, Kevin J. S.},
    year      = {2021},
    publisher = {Oxford University Press},
    address   = {Oxford}
}